@Article{BRVMFG04,
  author = 	 {J. Badro and J.-P. Rueff and G. Vank{\'o} and G. Monaco
                  and G. Fiquet and F. Guyot},
  title = 	 {Electronic Transitions in Perovskite: {P}ossible
                  Nonconvecting Layers in the Lower Mantle},
  journal = 	 {Science},
  year = 	 2004,
  volume = 	 305,
  pages = 	 {383--386}}

